% This file was created with JabRef 2.10.
% Encoding: UTF-8


@Article{Balhorn_1972,
  Title                    = {Frequency Stabilization of Internal-Mirror Helium-Neon Lasers},
  Author                   = {Balhorn R et al},
  Journal                  = {Applied Optics},
  Year                     = {1972},
  Pages                    = {p. 742-744},

  Owner                    = {beilin},
  Timestamp                = {2011.01.11}
}

@Article{Niebauer_1995,
  Title                    = {A new génération of absolute gravimeters},
  Author                   = {Niebauer T.M. et al},
  Journal                  = {Metrologia},
  Year                     = {1995},
  Pages                    = {159-180},
  Volume                   = {32},

  Owner                    = {beilin},
  Timestamp                = {2011.01.05}
}

@Article{Niebauer_1988,
  Title                    = {Frequency stability measurements on polarization-stabilized He-Ne lasers},
  Author                   = {Niebauer T.M. et al},
  Journal                  = {Applied Optics},
  Year                     = {1988},
  Pages                    = {p.1285-1289},

  Owner                    = {beilin},
  Timestamp                = {2011.01.11}
}

@MastersThesis{Beilin2005,
  Title                    = {Compensation combinées d’observations gravimétriques absolues et relatives – MCGRAVI},
  Author                   = {Jacques Beilin},
  School                   = {ENSG},
  Year                     = {2005},
  Type                     = {Projet de fin d’étude},

  Owner                    = {jacques},
  Timestamp                = {2010.08.10}
}

@Book{Hofmann-Wellenhof,
  Title                    = {Physical Geodesy},
  Author                   = {Bernhard Hofmann-Wellenhof, Helmut Moritz},
  Publisher                = {2nd, corr. ed., Springer},
  Year                     = {2006},
  Volume                   = {XVII},

  Owner                    = {beilin},
  Pages                    = {403},
  Timestamp                = {2011.01.05}
}

@TechReport{ICAG_2005,
  Title                    = {7th International comparison of absolute gravimeters, ICAG-2005, Technical protocol},
  Author                   = {Pilot laboratory BIPM},
  Institution              = {BIPM},
  Year                     = {2005},

  Owner                    = {beilin},
  Timestamp                = {2011.01.05}
}

@Electronic{sigbrgmgravi,
  Title                    = {Site web du {BRGM} - {SIG} Mines France},
  Author                   = {BRGM},
  Month                    = {11},
  Organization             = {BRGM},
  Url                      = {http://sigminesfrance.brgm.fr/geophy_gravi.asp},
  Year                     = {2009},

  Owner                    = {beilin},
  Timestamp                = {2011.01.23}
}

@Book{capderou_satellites:_2002,
  Title                    = {Satellites: orbites et missions},
  Author                   = {Michel Capderou},
  Publisher                = {Springer},
  Year                     = {2002},

  ISBN                     = {9782287597725},
  Owner                    = {jacques},
  Pages                    = {511},
  Shorttitle               = {Satellites},
  Timestamp                = {2010.08.11}
}

@Article{Chambat2010,
  Title                    = {Voir la planète avec la pesanteur},
  Author                   = {Frédéric Chambat},
  Journal                  = {Dossiers Pour la Science},
  Year                     = {2010},
  Pages                    = {72-73},
  Volume                   = {67},

  __markedentry            = {[jacques]},
  Owner                    = {jacques},
  Timestamp                = {2010.08.10}
}

@Article{Diament_2005,
  Title                    = {Mesure du champ de pesanteur terrestre},
  Author                   = {Michel Diament},
  Journal                  = {Techniques de l'ingénieur},
  Year                     = {2005},
  Volume                   = {R 1814},

  Owner                    = {beilin},
  Timestamp                = {2011.01.05}
}

@Manual{Ducarme,
  Title                    = {{MT80} - Theoretical tides computation},
  Author                   = {Bernard Ducarme},
  Organization             = {Observatoire Royal de Belgique},

  Owner                    = {jacques},
  Timestamp                = {2010.08.10}
}

@Book{duquenne_gps:_2005,
  Title                    = {{GPS:} localisation et navigation par satellites},
  Author                   = {Françoise Duquenne and Serge Botton and Collectif and Pascal Willis},
  Publisher                = {Hermès science publications},
  Year                     = {2005},

  ISBN                     = {9782746210905},
  Owner                    = {jacques},
  Pages                    = {330},
  Shorttitle               = {{GPS}},
  Timestamp                = {2010.08.11}
}

@Conference{Duquenne2005,
  Title                    = {Altitude, nivellement, systèmes de référence altimétrique},
  Author                   = {Henri Duquenne},
  Booktitle                = {Cours aux étudiants PPMD},
  Year                     = {2005},
  Publisher                = {ENSG},

  __markedentry            = {[jacques]},
  Owner                    = {jacques},
  Timestamp                = {2010.08.10}
}

@Book{el-rabbany_introduction_2002,
  Title                    = {Introduction to {GPS:} the Global Positioning System},
  Author                   = {Ahmed {El-Rabbany}},
  Publisher                = {Artech House},
  Year                     = {2002},

  ISBN                     = {9781580531832},
  Owner                    = {jacques},
  Pages                    = {202},
  Shorttitle               = {Introduction to {GPS}},
  Timestamp                = {2010.08.11}
}

@Manual{Gabalda2000,
  Title                    = {{CG3TOOL}, Programme interactif de traitement de données gravimétriques Scintrex CG3/3M},
  Author                   = {Germinal Gabalda and Sylvain Bonvalot},
  Month                    = {june},
  Organization             = {IRD},
  Year                     = {2000},

  Owner                    = {jacques},
  Timestamp                = {2010.08.10}
}

@Article{Gabalda2003,
  Title                    = {{CG3TOOL} : an interactive computer program to process Scintrex {CG3/3M} gravity data for high resolution applications},
  Author                   = {Germinal Gabalda and Sylvain Bonvalot and Roger Hipkin},
  Journal                  = {Computer \& Geosciences},
  Year                     = {2003},
  Pages                    = {155-171},
  Volume                   = {29},

  Owner                    = {jacques},
  Timestamp                = {2010.08.10}
}

@Book{gleason_gnss_2009,
  Title                    = {{GNSS} Applications and Methods},
  Author                   = {Scott Gleason and Demoz {Gebre-Egziabher}},
  Publisher                = {Artech House},
  Year                     = {2009},
  Month                    = aug,

  ISBN                     = {9781596933293},
  Owner                    = {jacques},
  Pages                    = {528},
  Timestamp                = {2010.08.11}
}

@TechReport{IS-GPS-200e,
  Title                    = {IS-GPS-200 rev e, Navstar GPS Space Segment/Navigation User Interfaces},
  Author                   = {Gpsw},
  Institution              = {Global Positioning System Wing (Gpsw) Systems Engineering \& Integration},
  Year                     = {2010},

  Address                  = {El Segundo, California},

  Owner                    = {beilin},
  Timestamp                = {2010.12.16}
}

@Book{grewal_global_2007,
  Title                    = {Global positioning systems, inertial navigation, and integration},
  Author                   = {Mohinder S. Grewal and Lawrence Randolph Weill and Lawrence R. Weill and Angus P. Andrews},
  Publisher                = {{Wiley-Interscience}},
  Year                     = {2007},
  Month                    = jan,

  ISBN                     = {9780470041901},
  Owner                    = {jacques},
  Pages                    = {553},
  Timestamp                = {2010.08.11}
}

@Conference{Duquenne2006,
  Title                    = {Le champ de pesanteur : notions fondamentales et méthodes modernes de détermination},
  Author                   = {Henri Duquenne, Jérôme Verdun},
  Booktitle                = {Cours aux étudiants PPMD},
  Year                     = {2006},
  Publisher                = {ENSG},

  __markedentry            = {[jacques]},
  Owner                    = {jacques},
  Timestamp                = {2010.08.10}
}

@Book{Hofmann-Wellenhof2007,
  Title                    = {{GNSS} Global Navigation Satellite Systems: {GPS,} {GLONASS,} Galileo, and more},
  Author                   = {Bernhard {Hofmann-Wellenhof} and Herbert Lichtenegger and Elmar Wasle},
  Publisher                = {Springer},
  Year                     = {2007},
  Edition                  = {1},
  Month                    = dec,

  ISBN                     = {3211730125},
  Owner                    = {jacques},
  Shorttitle               = {{GNSS} Global Navigation Satellite Systems},
  Timestamp                = {2010.08.11}
}

@Book{Hofmann-Wellenhof2005,
  Title                    = {Physical Geodesy},
  Author                   = {Bernhard {Hofmann-Wellenhof} and Helmut Moritz},
  Publisher                = {Springer},
  Year                     = {2005},
  Edition                  = {1},
  Month                    = sep,

  ISBN                     = {3211235841},
  Owner                    = {jacques},
  Timestamp                = {2010.08.11}
}

@InProceedings{EVRSconventions2007,
  Title                    = {Conventions for the Definition and Realisation of a {E}uropean {V}ertical {R}eference {S}ystem ({EVRS}) - {EVRS} conventions 2007},
  Author                   = {J. Idhe and J. Makkinen and M. Sacher},
  Year                     = {2008},

  Owner                    = {beilin},
  Quality                  = {1},
  Timestamp                = {2013.12.12}
}

@Book{jacobson_gnss_2007,
  Title                    = {{GNSS} markets and applications},
  Author                   = {Len Jacobson},
  Publisher                = {Artech House},
  Year                     = {2007},
  Month                    = jun,

  ISBN                     = {9781596930421},
  Owner                    = {jacques},
  Pages                    = {240},
  Timestamp                = {2010.08.11}
}

@Article{Klobuchar,
  Title                    = {A first order worldwide ionospheric time-delay algorithm},
  Author                   = {Klobuchar},
  Journal                  = {Ionospherics Physics Laboratory, Air Force Cambridge Research Laboratories},
  Year                     = {1975},
  Note                     = {Hanscom AFB, Massachussets
Klobuchar John A.},

  Owner                    = {beilin},
  Timestamp                = {2010.12.16}
}

@Article{xyzqgf16,
  Title                    = {Calcul du quasi-geoïde QGF16 et de la grille de conversion altimétrique RAF16, état d'avancement et perspectives},
  Author                   = {François L'Ecu},
  Journal                  = {XYZ},
  Year                     = {2017},

  Owner                    = {beilin},
  Timestamp                = {2017.12.21}
}

@Article{Longman1959,
  Title                    = {Formulas for Computing the Tidal Accelerations Due to the Moon and the Sun},
  Author                   = {I.M. Longman},
  Journal                  = {Journal of Geophysics Research},
  Year                     = {1959},
  Pages                    = {2351-2355},
  Volume                   = {64},

  Owner                    = {jacques},
  Timestamp                = {2010.08.10}
}

@Article{Amalvict_2002,
  Title                    = {The Absolute Gravity Measurements Performed By Sakuma In France, Revisited 20 Years Later},
  Author                   = {M. Amalvict, N. Debeglia, J. Hinderer},
  Journal                  = {Gravity and Geoid},
  Year                     = {2002},
  Pages                    = {76-83},
  Volume                   = {3rd meeting of the IGGC},

  Owner                    = {beilin},
  Timestamp                = {2011.01.23}
}

@InProceedings{EVRF2007,
  Title                    = {{EVRF2007} as {R}ealization of the {E}uropean {V}ertical {R}eference {S}ystem},
  Author                   = {M. Sacher and J. Ihde and G. Liebsch and J. Makkinen},
  Booktitle                = {Symposium oh the IAG sub-commision for Europe ({EUREF}) in Brussels, June 18-21 2008},
  Year                     = {2008},

  Owner                    = {beilin},
  Quality                  = {1},
  Timestamp                = {2013.12.12}
}

@Book{samama_global_2008,
  Title                    = {Global positioning: technologies and performance},
  Author                   = {Nel Samama},
  Publisher                = {{Wiley-Interscience}},
  Year                     = {2008},

  ISBN                     = {9780471793762},
  Owner                    = {jacques},
  Pages                    = {440},
  Shorttitle               = {Global positioning},
  Timestamp                = {2010.08.11}
}

@Book{schofield_engineering_2007,
  Title                    = {Engineering surveying},
  Author                   = {Wilfred Schofield and Mark Breach},
  Publisher                = {{Butterworth-Heinemann}},
  Year                     = {2007},
  Month                    = apr,

  ISBN                     = {9780750669498},
  Owner                    = {jacques},
  Pages                    = {637},
  Timestamp                = {2010.08.11}
}

@Manual{Scintrex1995,
  Title                    = {User's guide : CG-3/3M Gravity Meter},
  Author                   = {Scintrex},
  Organization             = {Scintrex Ltd},
  Year                     = {1995},

  Owner                    = {jacques},
  Timestamp                = {2010.08.10}
}

@Book{Seeber2003,
  Title                    = {Satellite Geodesy},
  Author                   = {Gunter Seeber},
  Publisher                = {Walter de Gruyter},
  Year                     = {2003},
  Edition                  = {2 Revised},
  Month                    = sep,

  ISBN                     = {3110175495},
  Owner                    = {jacques},
  Timestamp                = {2010.08.11}
}

@Book{szebehely_adventures_1998,
  Title                    = {Adventures in celestial mechanics},
  Author                   = {Victor G. Szebehely and Hans Mark},
  Publisher                = {{Wiley-VCH}},
  Year                     = {1998},

  ISBN                     = {9780471133179},
  Owner                    = {jacques},
  Pages                    = {328},
  Timestamp                = {2010.08.11}
}

@Book{Torge2001,
  Title                    = {Geodesy},
  Author                   = {Wolfgang Torge},
  Publisher                = {3rd ed., De Gruyter},
  Year                     = {2001},

  __markedentry            = {[jacques]},
  Owner                    = {jacques},
  Pages                    = {416},
  Timestamp                = {2010.08.10}
}

@Book{torge_gravimetry_1989,
  Title                    = {Gravimetry},
  Author                   = {Wolfgang Torge},
  Publisher                = {Walter de Gruyter},
  Year                     = {1989},
  Month                    = dec,

  ISBN                     = {9783110107029},
  Owner                    = {jacques},
  Pages                    = {488},
  Timestamp                = {2010.08.11}
}

@Book{tsui_fundamentals_2005,
  Title                    = {Fundamentals of global positioning system receivers: a software approach},
  Author                   = {James Bao-yen Tsui},
  Publisher                = {John Wiley and Sons},
  Year                     = {2005},

  ISBN                     = {9780471706472},
  Owner                    = {jacques},
  Pages                    = {373},
  Shorttitle               = {Fundamentals of global positioning system receivers},
  Timestamp                = {2010.08.11}
}

@Manual{Wessel2010,
  Title                    = {The Generic Mapping Tools Technical Reference and Cookbook},
  Author                   = {P. Wessel and W.H.F. Smith},
  Organization             = {SOEST-NOAA},
  Year                     = {2010},

  Owner                    = {jacques},
  Timestamp                = {2010.08.10}
}

@Article{Wessel1991,
  Title                    = {Free software helps map and display data},
  Author                   = {P. Wessel and W.H.F. Smith},
  Journal                  = {EOS Trans. Amer. Geophys. U.},
  Year                     = {1991},
  Pages                    = {445-446},
  Volume                   = {72},

  Owner                    = {jacques},
  Timestamp                = {2010.08.10}
}

@Manual{Westrum2005,
  Title                    = {A10 absolute portable gravimeter},
  Author                   = {Derek Van Westrum},
  Year                     = {2005},

  __markedentry            = {[jacques]},
  Keywords                 = {gravimetry, absolute gravimeter, A10},
  Owner                    = {jacques},
  Publisher                = {Micro-g Solutions, Inc.},
  Timestamp                = {2010.08.10}
}

@Book{xu_orbits_2008,
  Title                    = {Orbits},
  Author                   = {Guochang Xu},
  Publisher                = {Springer},
  Year                     = {2008},

  ISBN                     = {9783540785217},
  Owner                    = {jacques},
  Pages                    = {236},
  Timestamp                = {2010.08.11}
}

@Book{Xu_gps_2007,
  Title                    = {{GPS:} theory, algorithms, and applications},
  Author                   = {Guochang Xu},
  Publisher                = {Springer},
  Year                     = {2007},

  ISBN                     = {9783540727149},
  Owner                    = {jacques},
  Pages                    = {354},
  Shorttitle               = {{GPS}},
  Timestamp                = {2010.08.11}
}

@comment{jabref-meta: selector_keywords:}

@comment{jabref-meta: selector_journal:}

@comment{jabref-meta: selector_publisher:}

@comment{jabref-meta: selector_author:}

