% This file was created with JabRef 2.10.
% Encoding: UTF-8


@Article{Uber_H3,
  Title                    = {H3: A Hexagonal Hierarchical Geospatial Indexing System},
  Author                   = {Uber},
  Journal                  = {GitHub},
  Year                     = {2015},
}

@Article{BDNB,
  Title           = {Base de Donnée Nationale des Bâtiments},
  Author          = {Centre Scientifique et Technique du Bâtiment},
  Journal         = {GitLab},
  Year            = {2022} 
}


@comment{jabref-meta: selector_keywords:}

@comment{jabref-meta: selector_journal:}

@comment{jabref-meta: selector_publisher:}

@comment{jabref-meta: selector_author:}

